@article{daversin2020mechanisms,
  title={The mechanisms behind perivascular fluid flow},
  author={Daversin-Catty, C{\'e}cile and Vinje, Vegard and Mardal, Kent-Andr{\'e} and Rognes, Marie E},
  journal={Plos one},
  volume={15},
  number={12},
  pages={e0244442},
  year={2020},
  publisher={Public Library of Science San Francisco, CA USA}
}

@article{ray2019analysis,
  title={Analysis of convective and diffusive transport in the brain interstitium},
  author={Ray, Lori and Iliff, Jeffrey J and Heys, Jeffrey J},
  journal={Fluids and Barriers of the CNS},
  volume={16},
  number={1},
  pages={6},
  year={2019},
  publisher={Springer}
}

@article{sharp2019dispersion,
  title={Dispersion in porous media in oscillatory flow between flat plates: applications to intrathecal, periarterial and paraarterial solute transport in the central nervous system},
  author={Sharp, M Keith and Carare, Roxana O and Martin, Bryn A},
  journal={Fluids and Barriers of the CNS},
  volume={16},
  number={1},
  pages={13},
  year={2019},
  publisher={Springer}
}

@article{aldea2019cerebrovascular,
  title={Cerebrovascular smooth muscle cells as the drivers of intramural periarterial drainage of the brain},
  author={Aldea, Roxana and Weller, Roy O and Wilcock, Donna M and Carare, Roxana O and Richardson, Giles},
  journal={Frontiers in aging neuroscience},
  volume={11},
  pages={1},
  year={2019},
  publisher={Frontiers}
}

@article{diem2017arterial,
  title={Arterial pulsations cannot drive intramural periarterial drainage: significance for {A$\beta$} drainage},
  author={Diem, Alexandra K and MacGregor Sharp, Matthew and Gatherer, Maureen and Bressloff, Neil W and Carare, Roxana O and Richardson, Giles},
  journal={Frontiers in neuroscience},
  volume={11},
  pages={475},
  year={2017},
  publisher={Frontiers}
}

@software{kent_andre_mardal_2020_4386999,
  author       = {Kent-Andre Mardal and
                  Marie E Rognes and
                  Travis B. Thompson and
                  Lars Magnus Valnes},
  title        = {{Software for Mathematical modeling of the human 
                   brain -- from magnetic resonance images to finite
                   element simulation}},
  month        = dec,
  year         = 2020,
  publisher    = {Zenodo},
  url          = {https://doi.org/10.5281/zenodo.4386999}
}

@dataset{kent_andre_mardal_2020_4386987,
  author       = {Kent-Andre Mardal and
                  Marie E. Rognes and
                  Travis B. Thompson and
                  Lars Magnus Valnes},
  title        = {mri2fem data set},
  month        = dec,
  year         = 2020,
  publisher    = {Zenodo},
  url          = {https://doi.org/10.5281/zenodo.4386987}
}

@article{hunter2007matplotlib,
  title={{Matplotlib: A 2D graphics environment}},
  author={Hunter, John D},
  journal={Computing in science \& engineering},
  volume={9},
  number={3},
  pages={90--95},
  year={2007},
  publisher={IEEE Computer Society}
}

@misc{marcus2008kluge,
  title={Kluge: The haphazard construction of the mind},
  author={Marcus, Gary},
  year={2008},
  publisher={Houghton Mifflin.[aEM]}
}

@book{tveito2004introduction,
  title={Introduction to partial differential equations: a computational approach},
  author={Tveito, Aslak and Winther, Ragnar},
  volume={29},
  year={2004},
  publisher={Springer Science \& Business Media}
}

@inproceedings{taubin1995curve,
  title={Curve and surface smoothing without shrinkage},
  author={Taubin, Gabriel},
  booktitle={Proceedings of IEEE international conference on computer vision},
  pages={852--857},
  year={1995},
  organization={IEEE}
}



@article{meurer2017sympy,
  title={{SymPy: symbolic computing in Python}},
  author={Meurer, Aaron and Smith, Christopher P and Paprocki, Mateusz and {\v{C}}ert{\'\i}k, Ond{\v{r}}ej and Kirpichev, Sergey B and Rocklin, Matthew and Kumar, AMiT and Ivanov, Sergiu and Moore, Jason K and Singh, Sartaj and others},
  journal={PeerJ Computer Science},
  volume={3},
  pages={e103},
  year={2017},
  publisher={PeerJ Inc.}
}
@book{langtangen2019introduction,
  title={Introduction to numerical methods for variational problems},
  author={Langtangen, Hans Petter and Mardal, Kent-Andre},
  volume={21},
  year={2019},
  publisher={Springer Nature}
}

@incollection{alperin2018spaceflight,
  title={Spaceflight-induced visual impairment and globe deformations in astronauts are linked to orbital cerebrospinal fluid volume increase},
  author={Alperin, Noam and Bagci, Ahmet M},
  booktitle={Intracranial Pressure \& Neuromonitoring XVI},
  pages={215--219},
  year={2018},
  publisher={Springer}
}


@article{alnaes2015fenics,
  title={{The FEniCS project version 1.5}},
  author={Aln{\ae}s, Martin and Blechta, Jan and Hake, Johan and Johansson, August and Kehlet, Benjamin and Logg, Anders and Richardson, Chris and Ring, Johannes and Rognes, Marie E and Wells, Garth N},
  journal={Archive of Numerical Software},
  volume={3},
  number={100},
  year={2015}
}

@article{pizzichelli2017numerical,
  title={Numerical study of intrathecal drug delivery to a permeable spinal cord: effect of catheter position and angle},
  author={Pizzichelli, G and Kehlet, B and Evju, {\O} and Martin, BA and Rognes, ME and Mardal, KA and Sinibaldi, E},
  journal={Computer Methods in Biomechanics and Biomedical Engineering},
  volume={20},
  number={15},
  pages={1599--1608},
  year={2017},
  publisher={Taylor \& Francis}
}

@article{haga2017numerical,
  title={A numerical investigation of intrathecal isobaric drug dispersion within the cervical subarachnoid space},
  author={Haga, Per Thomas and Pizzichelli, Giulia and Mortensen, Mikael and Kuchta, Miroslav and Pahlavian, Soroush Heidari and Sinibaldi, Edoardo and Martin, Bryn A and Mardal, Kent-Andre},
  journal={PloS one},
  volume={12},
  number={3},
  pages={e0173680},
  year={2017},
  publisher={Public Library of Science San Francisco, CA USA}
}

@article{croci2019uncertainty, 
  title={Uncertainty quantification of parenchymal tracer distribution using random diffusion and convective velocity fields},
  author={Croci, Matteo and Vinje, Vegard and Rognes, Marie E},
  journal={Fluids and Barriers of the CNS},
  volume={16},
  number={1},
  pages={32},
  year={2019},
  publisher={Springer}
}

@article{abbott2018role,
  title={{The role of brain barriers in fluid movement in the CNS: is there a "glymphatic" system?}},
  author={Abbott, N Joan and Pizzo, Michelle E and Preston, Jane E and Janigro, Damir and Thorne, Robert G},
  journal={Acta neuropathologica},
  volume={135},
  number={3},
  pages={387--407},
  year={2018},
  publisher={Springer}
}

@article{roscoe1988stereolithography,
  title={Stereolithography interface specification},
  author={Roscoe, L and others},
  journal={America-3D Systems Inc},
  volume={27},
  number={2020},
  pages={10},
  year={1988}
}

@article{valnes2020apparent,
  title={Apparent diffusion coefficient estimates based on 24 hours tracer movement support glymphatic transport in human cerebral cortex},
  author={Valnes, Lars Magnus and Mitusch, Sebastian K and Ringstad, Geir and Eide, Per Kristian and Funke, Simon W and Mardal, Kent-Andre},
  journal={Scientific Reports},
  volume={10},
  number={1},
  pages={1--12},
  year={2020},
  publisher={Nature Publishing Group}
}



@article{iliff2013cerebral,
  title={Cerebral arterial pulsation drives paravascular {CSF}--interstitial fluid exchange in the murine brain},
  author={Iliff, Jeffrey J and Wang, Minghuan and Zeppenfeld, Douglas M and Venkataraman, Arun and Plog, Benjamin A and Liao, Yonghong and Deane, Rashid and Nedergaard, Maiken},
  journal={Journal of Neuroscience},
  volume={33},
  number={46},
  pages={18190--18199},
  year={2013},
  publisher={Soc Neuroscience}
}

@article{jeurissen2017,
  title={{D}iffusion {MRI} fiber tractography of the brain},
  author={Jeurissen, Ben and Descoteaux, Maxime and Mori, Susumu and Leemans, Alexander},
  journal={NMR Biomed.},
  volume={32},
  number={4},
  pages={e3785},
  year={2017},
  publisher={Wiley},
  doi={doi.org/10.1002/nbm.3785}
}


@software{schlomer2020nschloe,
  author       = {Nico Schlömer and
                  Geordie McBain and
                  Tianyi Li and
                  Vicente Mataix Ferrándiz and
                  eolianoe and
                  Lisandro Dalcin and
                  Keurfon Luu and
                  nilswagner and
                  Abhinav Gupta and
                  Sebastian Müller and
                  Leo Schwarz and
                  Jan Blechta and
                  Chris Coutinho and
                  Darcy Beurle and
                  Bhavesh Shrimali and
                  Antonio Cervone and
                  Nate and
                  Utkarsh Mishra and
                  Timo Heister and
                  Timothy Langlois and
                  Steve Peak and
                  Shriramana Sharma and
                  Matthias Bussonnier and
                  lgiraldi and
                  Guillaume Jacquenot and
                  Ghislain Antony Vaillant and
                  Cian Wilson and
                  Alexey U. Gudchenko and
                  Adrian Croucher},
  title        = {nschloe/meshio 3.2.14},
  month        = nov,
  year         = 2019,
  publisher    = {Zenodo},
  version      = {3.2.14},
  url          = {https://doi.org/10.5281/zenodo.3548723}
}

@article{geuzaine2009gmsh,
  title={Gmsh: A 3-D finite element mesh generator with built-in pre-and post-processing facilities},
  author={Geuzaine, Christophe and Remacle, Jean-Fran{\c{c}}ois},
  journal={International journal for numerical methods in engineering},
  volume={79},
  number={11},
  pages={1309--1331},
  year={2009},
  publisher={Wiley Online Library}
}

@article{ahrens2005paraview,
  title={Paraview: An end-user tool for large data visualization},
  author={Ahrens, James and Geveci, Berk and Law, Charles},
  journal={The visualization handbook},
  volume={717},
  year={2005},
  publisher={Elsevier M{\"u}nchen}
}

@article{fabri2000design,
  title={On the design of {CGAL}, a computational geometry algorithms library},
  author={Fabri, Andreas and Giezeman, Geert-Jan and Kettner, Lutz and Schirra, Stefan and Sch{\"o}nherr, Sven},
  journal={Software: Practice and Experience},
  volume={30},
  number={11},
  pages={1167--1202},
  year={2000},
  publisher={Wiley Online Library}
}

@book{gockenbach2006understanding,
  title={Understanding and implementing the finite element method},
  author={Gockenbach, Mark S},
  volume={97},
  year={2006},
  publisher={SIAM}
}

@book{langtangen2016solving,
  title={{Solving PDEs in Python: The FEniCS Tutorial I}},
  author={Langtangen, Hans Petter and Logg, Anders},
  volume={1},
  year={2016},
  publisher={Springer}
}

@article{jenkinson2012fsl,
  title={{FSL}},
  author={Jenkinson, Mark and Beckmann, Christian F and Behrens, Timothy EJ and Woolrich, Mark W and Smith, Stephen M},
  journal={Neuroimage},
  volume={62},
  number={2},
  pages={782--790},
  year={2012},
  publisher={Elsevier}
}

@article{mildenberger2002introduction,
  title={{Introduction to the DICOM standard}},
  author={Mildenberger, Peter and Eichelberg, Marco and Martin, Eric},
  journal={European radiology},
  volume={12},
  number={4},
  pages={920--927},
  year={2002},
  publisher={Springer}
}
@article{alexander2007diffusion,
  title={Diffusion tensor imaging of the brain},
  author={Alexander, Andrew L and Lee, Jee Eun and Lazar, Mariana and Field, Aaron S},
  journal={Neurotherapeutics},
  volume={4},
  number={3},
  pages={316--329},
  year={2007},
  publisher={Elsevier}
}

@book{boron2016medical,
  title={{Medical Physiology}},
  author={Boron, Walter F and Boulpaep, Emile L},
  year={2016},
  publisher={Elsevier Health Sciences}
}

@inproceedings{gahm2012linear,
  title={Linear invariant tensor interpolation applied to cardiac diffusion tensor MRI},
  author={Gahm, Jin Kyu and Wisniewski, Nicholas and Kindlmann, Gordon and Kung, Geoffrey L and Klug, William S and Garfinkel, Alan and Ennis, Daniel B},
  booktitle={International Conference on Medical Image Computing and Computer-Assisted Intervention},
  pages={494--501},
  year={2012},
  organization={Springer}
}


@article{voldsbekk2020evidence,
  title={{Evidence for wakefulness-related changes to extracellular space in human brain white matter from diffusion-weighted MRI}},
  author={Voldsbekk, Irene and Maximov, Ivan I and Zak, Nathalia and Roelfs, Daniel and Geier, Oliver and Due-T{\o}nnessen, Paulina and Elvs{\aa}shagen, Torbj{\o}rn and Str{\o}mstad, Marie and Bj{\o}rnerud, Atle and Groote, Inge},
  journal={NeuroImage},
  pages={116682},
  year={2020},
  publisher={Elsevier}
}

@article{kochunov2011fractional,
  title={Fractional anisotropy of cerebral white matter and thickness of cortical gray matter across the lifespan},
  author={Kochunov, P and Glahn, David C and Lancaster, J and Thompson, Paul M and Kochunov, V and Rogers, B and Fox, P and Blangero, John and Williamson, DE},
  journal={Neuroimage},
  volume={58},
  number={1},
  pages={41--49},
  year={2011},
  publisher={Elsevier}
}

@article{waters2010concentration,
  title={The concentration of soluble extracellular amyloid-$\beta$ protein in acute brain slices from CRND8 mice},
  author={Waters, Jack},
  journal={PLoS One},
  volume={5},
  number={12},
  pages={e15709},
  year={2010},
  publisher={Public Library of Science}
}



@article{naggara2006diffusion,
  title={{Diffusion tensor imaging in early Alzheimer's disease}},
  author={Naggara, Olivier and Oppenheim, Catherine and Rieu, Doroth{\'e}e and Raoux, Nadine and Rodrigo, Sebastian and Dalla Barba, Gianfranco and Meder, Jean-Fran{\c{c}}ois},
  journal={Psychiatry Research: Neuroimaging},
  volume={146},
  number={3},
  pages={243--249},
  year={2006},
  publisher={Elsevier}
}



@inproceedings{kindlmann2007geodesic,
  title={Geodesic-loxodromes for diffusion tensor interpolation and difference measurement},
  author={Kindlmann, Gordon and Estepar, Raul San Jose and Niethammer, Marc and Haker, Steven and Westin, Carl-Fredrik},
  booktitle={International Conference on Medical Image Computing and Computer-Assisted Intervention},
  pages={1--9},
  year={2007},
  organization={Springer}
}


@article{helenius2002diffusion,
  title={Diffusion-weighted {MR} imaging in normal human brains in various age groups},
  author={Helenius, Johanna and Soinne, Lauri and Perki{\"o}, Jussi and Salonen, Oili and Kangasm{\"a}ki, Aki and Kaste, Markku and Carano, Richard AD and Aronen, Hannu J and Tatlisumak, Turgut},
  journal={American journal of neuroradiology},
  volume={23},
  number={2},
  pages={194--199},
  year={2002},
  publisher={Am Soc Neuroradiology}
}


@article{chou2016fully,
  title={A fully dynamic multi-compartmental poroelastic system: Application to aqueductal stenosis},
  author={Chou, Dean and Vardakis, John C and Guo, Liwei and Tully, Brett J and Ventikos, Yiannis},
  journal={Journal of biomechanics},
  volume={49},
  number={11},
  pages={2306--2312},
  year={2016},
  publisher={Elsevier}
}

@article{lee2019mixed,
  title={A mixed finite element method for nearly incompressible multiple-network poroelasticity},
  author={Lee, Jeonghun J and Piersanti, Eleonora and Mardal, K-A and Rognes, Marie E},
  journal={SIAM Journal on Scientific Computing},
  volume={41},
  number={2},
  pages={A722--A747},
  year={2019},
  publisher={SIAM}
}

@article{fornari2019prion,
  title={Prion-like spreading of Alzheimer’s disease within the brain’s connectome},
  author={Fornari, Sveva and Sch{\"a}fer, Amelie and Jucker, Mathias and Goriely, Alain and Kuhl, Ellen},
  journal={Journal of the Royal Society Interface},
  volume={16},
  number={159},
  pages={20190356},
  year={2019},
  publisher={The Royal Society}
}

@article{grech2008review,
  title={{Review on solving the inverse problem in EEG source analysis}},
  author={Grech, Roberta and Cassar, Tracey and Muscat, Joseph and Camilleri, Kenneth P and Fabri, Simon G and Zervakis, Michalis and Xanthopoulos, Petros and Sakkalis, Vangelis and Vanrumste, Bart},
  journal={Journal of neuroengineering and rehabilitation},
  volume={5},
  number={1},
  pages={25},
  year={2008},
  publisher={Springer}
}

@article{kevrekidis2020anisotropic,
  title={Anisotropic diffusion and traveling waves of toxic proteins in neurodegenerative diseases},
  author={Kevrekidis, PG and Thompson, Travis B and Goriely, Alain},
  journal={Physics Letters A},
  volume={384},
  number={36},
  pages={126935},
  year={2020},
  publisher={Elsevier}
}

@article{budday2019fifty,
  title={Fifty shades of brain: a review on the mechanical testing and modeling of brain tissue},
  author={Budday, Silvia and Ovaert, Timothy C and Holzapfel, Gerhard A and Steinmann, Paul and Kuhl, Ellen},
  journal={Archives of Computational Methods in Engineering},
  pages={1--44},
  year={2019},
  publisher={Springer}
}


@article{goriely2015mechanics,
  title={Mechanics of the brain: perspectives, challenges, and opportunities},
  author={Goriely, Alain and Geers, Marc GD and Holzapfel, Gerhard A and Jayamohan, Jayaratnam and J{\'e}rusalem, Antoine and Sivaloganathan, Sivabal and Squier, Waney and van Dommelen, Johannes AW and Waters, Sarah and Kuhl, Ellen},
  journal={Biomechanics and modeling in mechanobiology},
  volume={14},
  number={5},
  pages={931--965},
  year={2015},
  publisher={Springer}
}

@article{smith2017test,
  title={Test of the "glymphatic" hypothesis demonstrates diffusive and aquaporin-4-independent solute transport in rodent brain parenchyma},
  author={Smith, Alex J and Yao, Xiaoming and Dix, James A and Jin, Byung-Ju and Verkman, Alan S},
  journal={Elife},
  volume={6},
  pages={e27679},
  year={2017},
  publisher={eLife Sciences Publications Limited}
}

@article{smith2018glymphatic,
  title={The “glymphatic” mechanism for solute clearance in {A}lzheimer’s disease: game changer or unproven speculation?},
  author={Smith, Alex J and Verkman, Alan S},
  journal={The FASEB Journal},
  volume={32},
  number={2},
  pages={543--551},
  year={2018},
  publisher={Federation of American Societies for Experimental Biology Bethesda, MD, USA}
}

@article{holter2017interstitial,
  title={Interstitial solute transport in {3D} reconstructed neuropil occurs by diffusion rather than bulk flow},
  author={Holter, Karl Erik and Kehlet, Benjamin and Devor, Anna and Sejnowski, Terrence J and Dale, Anders M and Omholt, Stig W and Ottersen, Ole Petter and Nagelhus, Erlend Arnulf and Mardal, Kent-Andr{\'e} and Pettersen, Klas H},
  journal={Proceedings of the National Academy of Sciences},
  volume={114},
  number={37},
  pages={9894--9899},
  year={2017},
  publisher={National Acad Sciences}
}

@article{jessen2015glymphatic,
  title={The glymphatic system: a beginner's guide},
  author={Jessen, Nadia Aalling and Munk, Anne Sofie Finmann and Lundgaard, Iben and Nedergaard, Maiken},
  journal={Neurochemical research},
  volume={40},
  number={12},
  pages={2583--2599},
  year={2015},
  publisher={Springer}
}

@article{xie2013sleep,
  title={Sleep drives metabolite clearance from the adult brain},
  author={Xie, Lulu and Kang, Hongyi and Xu, Qiwu and Chen, Michael J and Liao, Yonghong and Thiyagarajan, Meenakshisundaram and O’Donnell, John and Christensen, Daniel J and Nicholson, Charles and Iliff, Jeffrey J and others},
  journal={science},
  volume={342},
  number={6156},
  pages={373--377},
  year={2013},
  publisher={American Association for the Advancement of Science}
}

@article{iliff2012paravascular,
  title={A paravascular pathway facilitates {CSF} flow through the brain parenchyma and the clearance of interstitial solutes, including amyloid $\beta$},
  author={Iliff, Jeffrey J and Wang, Minghuan and Liao, Yonghong and Plogg, Benjamin A and Peng, Weiguo and Gundersen, Georg A and Benveniste, Helene and Vates, G Edward and Deane, Rashid and Goldman, Steven A and others},
  journal={Science translational medicine},
  volume={4},
  number={147},
  pages={147ra111--147ra111},
  year={2012},
  publisher={American Association for the Advancement of Science}
}

@article{kim2009voxelized,
  title={Voxelized model of interstitial transport in the rat spinal cord following direct infusion into white matter},
  author={Kim, Jung Hwan and Astary, Garrett W and Chen, Xiaoming and Mareci, Thomas H and Sarntinoranont, Malisa},
  journal={Journal of biomechanical engineering},
  volume={131},
  number={7},
  year={2009},
  publisher={American Society of Mechanical Engineers Digital Collection}
}


@article{stoverud2012modeling,
  title={Modeling concentration distribution and deformation during convection-enhanced drug delivery into brain tissue},
  author={St{\o}verud, Karen H and Darcis, Melanie and Helmig, Rainer and Hassanizadeh, S Majid},
  journal={Transport in porous media},
  volume={92},
  number={1},
  pages={119--143},
  year={2012},
  publisher={Springer}
}

@article{yildiz2017quantifying,
  title={Quantifying the influence of respiration and cardiac pulsations on cerebrospinal fluid dynamics using real-time phase-contrast MRI},
  author={Yildiz, Selda and Thyagaraj, Suraj and Jin, Ning and Zhong, Xiaodong and Heidari Pahlavian, Soroush and Martin, Bryn A and Loth, Francis and Oshinski, John and Sabra, Karim G},
  journal={Journal of Magnetic Resonance Imaging},
  volume={46},
  number={2},
  pages={431--439},
  year={2017},
  publisher={Wiley Online Library}
}



@article{sykova2008diffusion,
  title={Diffusion in brain extracellular space},
  author={Sykov{\'a}, Eva and Nicholson, Charles},
  journal={Physiological reviews},
  volume={88},
  number={4},
  pages={1277--1340},
  year={2008},
  publisher={American Physiological Society}
}

@article{bobo1994convection,
  title={Convection-enhanced delivery of macromolecules in the brain},
  author={Bobo, R Hunt and Laske, Douglas W and Akbasak, Aytac and Morrison, Paul F and Dedrick, Robert L and Oldfield, Edward H},
  journal={Proceedings of the National Academy of Sciences},
  volume={91},
  number={6},
  pages={2076--2080},
  year={1994},
  publisher={National Acad Sciences}
}


@book{logg2012automated,
  title={Automated solution of differential equations by the finite element method: The {FEniCS} book},
  author={Logg, Anders and Mardal, Kent-Andre and Wells, Garth},
  volume={84},
  year={2012},
  publisher={Springer Science \& Business Media}
}

@book{gray2009gray,
  title={Gray's anatomy: with original illustrations by Henry Carter},
  author={Gray, Henry},
  year={2009},
  publisher={Arcturus Publishing}
}


@article{dale1999cortical,
  title={Cortical surface-based analysis: {I}. Segmentation and surface reconstruction},
  author={Dale, Anders M and Fischl, Bruce and Sereno, Martin I},
  journal={Neuroimage},
  volume={9},
  number={2},
  pages={179--194},
  year={1999},
  publisher={Elsevier}
}

@article{squire2009legacy,
  title={The legacy of patient {HM} for neuroscience},
  author={Squire, Larry R},
  journal={Neuron},
  volume={61},
  number={1},
  pages={6--9},
  year={2009},
  publisher={Elsevier}
}

@article{ringstad2018brain,
  title={Brain-wide glymphatic enhancement and clearance in humans assessed with {MRI}},
  author={Ringstad, Geir and Valnes, Lars M and Dale, Anders M and Pripp, Are H and Vatnehol, Svein-Are S and Emblem, Kyrre E and Mardal, Kent-Andre and Eide, Per K},
  journal={JCI insight},
  volume={3},
  number={13},
  year={2018},
  publisher={American Society for Clinical Investigation}
}



@article{scoville1957loss,
  title={Loss of recent memory after bilateral hippocampal lesions},
  author={Scoville, William Beecher and Milner, Brenda},
  journal={Journal of neurology, neurosurgery, and psychiatry},
  volume={20},
  number={1},
  pages={11},
  year={1957},
  publisher={BMJ Publishing Group}
}


@article{nicholson2017brain,
  title={Brain extracellular space: the final frontier of neuroscience},
  author={Nicholson, Charles and Hrab{\v{e}}tov{\'a}, Sabina},
  journal={Biophysical journal},
  volume={113},
  number={10},
  pages={2133--2142},
  year={2017},
  publisher={Elsevier}
}


@article{soares2013hitchhiker,
  title={A hitchhiker's guide to diffusion tensor imaging},
  author={Soares, Jose and Marques, Paulo and Alves, Victor and Sousa, Nuno},
  journal={Frontiers in neuroscience},
  volume={7},
  pages={31},
  year={2013},
  publisher={Frontiers}
}

@article{pooley2005fundamental,
  title={Fundamental physics of MR imaging},
  author={Pooley, Robert A},
  journal={Radiographics},
  volume={25},
  number={4},
  pages={1087--1099},
  year={2005},
  publisher={Radiological Society of North America}
}

@article{haacke1999magnetic,
  title={Magnetic resonance imaging: physical principles and sequence design},
  author={Haacke, E Mark and Brown, Robert W and Thompson, Michael R and Venkatesan, Ramesh and Thomphson, MR and Venkatesan, M and Haacke, M and Brown, W and Thompson, M},
  year={1999}
}

@book{payne2017cerebral,
  title={Cerebral Blood Flow and Metabolism: A Quantitative Approach},
  author={Payne, Stephen J},
  year={2017},
  publisher={World Scientific}
}


@misc{dicombrowser,
  title={DicomBrowser},
  author={Kevin Archie},
  url={https://nrg.wustl.edu/software/dicom-browser/},
  year={2020}
  }
  
@misc{freesurfer-wiki,
  title={{FreeSurfer Wiki}},
  author={},
  url={https://surfer.nmr.mgh.harvard.edu/fswiki},
  year={2020}
  }

@misc{freesurfer,
  title={{FreeSurfer}},
  author={},
  url={https://surfer.nmr.mgh.harvard.edu/},
  year={2020}
  }
  
@misc{fenicsproject,
  title={{FEniCS Project}},
  author={},
  url={https://fenicsproject.org},
  year={2020}
  }
  
@misc{python,
  title={Python},
  author={},
  url={https://python.org},
  year={2020}
  }
  

@misc{paraview:web,
  title={Paraview},
  author={},
  url={https://www.paraview.org},
  year={2020}
  }
  
@software{brett_matthew_2020_4295521,
  author       = {Brett, Matthew and others},
  title        = {nipy/nibabel: 3.2.1},
  month        = nov,
  year         = 2020,
  publisher    = {Zenodo},
  version      = {3.2.1},
  url          = {https://doi.org/10.5281/zenodo.4295521}
}

@book{greenbaum1997,
  title={{I}terative {M}ethods for {S}olving {L}inear {S}ystems},
  author={Greenbaum, Anne},
  doi = {10.1137/1.9781611970937},
  year={1997},
  publisher = {Society for Industrial and Applied Mathematics}
}

@article{stuben2001,
  title={{A} review of algebraic multigrid},
  author={St{\"u}ben, K.},
  journal={J. Comp. Appl. Math},
  volume={128},
  number={1},
  pages={281--309},
  year={2001}
}

